% Encoding: windows-1252

@Article{Wang_Sun1,
  author  = {Youqi Wang and Xuekun Sun},
  title   = {Digital-element simulation of textile processes},
  journal = {Composites Science and Technology},
  year    = {2001},
  volume  = {61},
  pages   = {311-319},
}

@Book{CAD,
  Title                    = {Computer Aided Design and Manufacturing},
  Author                   = {K. Lalit Narayan and K. Mallikarjuna Rao},
  Publisher                = {Prentice-Hall of India},
  Year                     = {2008},
}

@Article{Wang_Zhou1,
  Title                    = {Mechanics of textile composites: Micro-geometry},
  Author                   = {Yuyan Miao, Eric Zhou, Youqi Wang and Bryan A. Cheeseman},
  Journal                  = {Composite Science and Technology},
  Year                     = {2008},
  Pages                    = {1671-1678},
  Volume                   = {68},
}

@Article{WAGFJ,
  author  = {George T. Gilbert and Rhonda L. Hatcher},
  title   = {Wagering in Final Jeopardy!},
  journal = {Mathematics Magazine},
  year    = {1994},
  volume  = {67},
  number  = {4},
  pages   = {268-277},
  month   = {October},
}

@Electronic{Bobic,
  Title                    = {Advanced Collision Detection Techniques},
  HowPublished             = {Web},
  Organization             = {Gamasutra},
  URL 			={https://www.gamasutra.com/view/feature/131598/advanced_collision_detection_.php},
  Year                     = {2000},
  Author			={Nick Bobic},
  Timestamp                = {2018.04.26}
}

@Electronic{Souto,
  Title                    = {Video Game Physics Tutorial - Part II: Collision Detection for Solid Objects},
  HowPublished             = {Web},
  Organization             = {Toptal},
  URL 			={https://www.toptal.com/game/video-game-physics-part-ii-collision-detection-for-solid-objects},
  Author			={Nilson Souto},
  Timestamp                = {2018.04.26}
}

@Electronic{ARCADIA,
  Title                    = {Results - {A}rcadia {F}estival of {B}ands},
  HowPublished             = {Web},
  Month                    = {November},
  Organization             = {Wold of Pageantry},
  Url                      = {http://worldofpageantry.com/forums/viewtopic.php?f=1&t=19809},
  Year                     = {2011},

  Owner                    = {sroberson},
  Timestamp                = {2016.08.05}
}

@Comment{jabref-meta: databaseType:bibtex;}
